<record><leader>00000cas a22000007a 4500</leader><controlfield tag="001">23245382</controlfield><controlfield tag="008">910314d18uu1894couwr ne      0    0eng d</controlfield><datafield ind1=" " ind2=" " tag="010"><subfield code="a">sn 91052321 </subfield></datafield><datafield ind1=" " ind2=" " tag="040"><subfield code="a">CNQ</subfield><subfield code="b">eng</subfield><subfield code="c">CNQ</subfield><subfield code="d">OCL</subfield><subfield code="d">OCLCQ</subfield></datafield><datafield ind1=" " ind2=" " tag="042"><subfield code="a">msc</subfield></datafield><datafield ind1="0" ind2="4" tag="245"><subfield code="a">The Bessemer indicator.</subfield></datafield><datafield ind1=" " ind2=" " tag="260"><subfield code="a">Bessemer, Colo. :</subfield><subfield code="b">P. Byrnes</subfield></datafield><datafield ind1=" " ind2=" " tag="300"><subfield code="a">v.</subfield></datafield><datafield ind1=" " ind2=" " tag="310"><subfield code="a">Weekly</subfield></datafield><datafield ind1="0" ind2=" " tag="362"><subfield code="a">-v. 5, no. 41 (Nov. 17, 1894).</subfield></datafield><datafield ind1=" " ind2=" " tag="500"><subfield code="a">Published in Pueblo, Colo., Apr. 7, 1894-Nov. 17, 1894.</subfield></datafield><datafield ind1=" " ind2=" " tag="588"><subfield code="a">Description based on: Vol. 3, no. 48 (Jan. 7, 1893).</subfield></datafield><datafield ind1=" " ind2=" " tag="752"><subfield code="a">United States</subfield><subfield code="b">Colorado</subfield><subfield code="c">Pueblo</subfield><subfield code="d">Pueblo.</subfield></datafield><datafield ind1=" " ind2=" " tag="752"><subfield code="a">United States</subfield><subfield code="b">Colorado</subfield><subfield code="c">Pueblo</subfield><subfield code="d">Bessemer.</subfield></datafield><datafield ind1="0" ind2="0" tag="785"><subfield code="t">Indicator (Pueblo, Colo. : 1894)</subfield><subfield code="w">(DLC)sn 90051889</subfield></datafield><datafield ind1="1" ind2=" " tag="029"><subfield code="a">AU@</subfield><subfield code="b">000025865188</subfield></datafield></record>